@inproceedings{DBLP:conf/emnlp/AnastasopoulosN19,
  author    = {Antonios Anastasopoulos and
               Graham Neubig},
  editor    = {Kentaro Inui and
               Jing Jiang and
               Vincent Ng and
               Xiaojun Wan},
  title     = {Pushing the Limits of Low-Resource Morphological Inflection},
  booktitle = {Proceedings of the 2019 Conference on Empirical Methods in Natural
               Language Processing and the 9th International Joint Conference on
               Natural Language Processing, {EMNLP-IJCNLP} 2019, Hong Kong, China,
               November 3-7, 2019},
  pages     = {984--996},
  publisher = {Association for Computational Linguistics},
  year      = 2019,
  url       = {https://doi.org/10.18653/v1/D19-1091},
  doi       = {10.18653/v1/D19-1091},
  timestamp = {Thu, 12 Dec 2019 13:23:53 +0100},
  biburl    = {https://dblp.org/rec/conf/emnlp/AnastasopoulosN19.bib},
  bibsource = {dblp computer science bibliography, https://dblp.org}
}

@inproceedings{DBLP:conf/conll/MakarovRC17,
  author    = {Peter Makarov and
               Tatiana Ruzsics and
               Simon Clematide},
  editor    = {Mans Hulden},
  title     = {Align and Copy: {UZH} at {SIGMORPHON} 2017 Shared Task for Morphological
               Reinflection},
  booktitle = {Proceedings of the CoNLL {SIGMORPHON} 2017 Shared Task: Universal
               Morphological Reinflection, Vancouver, BC, Canada, August 3-4, 2017},
  pages     = {49--57},
  publisher = {Association for Computational Linguistics},
  year      = {2017},
  url       = {https://doi.org/10.18653/v1/K17-2004},
  doi       = {10.18653/v1/K17-2004},
  timestamp = {Sat, 19 Oct 2019 20:03:30 +0200},
  biburl    = {https://dblp.org/rec/conf/conll/MakarovRC17.bib},
  bibsource = {dblp computer science bibliography, https://dblp.org}
}

@inproceedings{DBLP:conf/nips/BengioVJS15,
  author    = {Samy Bengio and
               Oriol Vinyals and
               Navdeep Jaitly and
               Noam Shazeer},
  editor    = {Corinna Cortes and
               Neil D. Lawrence and
               Daniel D. Lee and
               Masashi Sugiyama and
               Roman Garnett},
  title     = {Scheduled Sampling for Sequence Prediction with Recurrent Neural Networks},
  booktitle = {Advances in Neural Information Processing Systems 28: Annual Conference
               on Neural Information Processing Systems 2015, December 7-12, 2015,
               Montreal, Quebec, Canada},
  pages     = {1171--1179},
  year      = {2015},
  url       = {https://proceedings.neurips.cc/paper/2015/hash/e995f98d56967d946471af29d7bf99f1-Abstract.html},
  timestamp = {Thu, 21 Jan 2021 15:15:22 +0100},
  biburl    = {https://dblp.org/rec/conf/nips/BengioVJS15.bib},
  bibsource = {dblp computer science bibliography, https://dblp.org}
}